%% This BibTeX bibliography file was created using BibDesk.
%% http://bibdesk.sourceforge.net/


%% Created for Bart Lambregs at 2017-08-30 13:40:40 +0200 


%% Saved with string encoding Unicode (UTF-8) 



@book{fysicavandaag,
	Author = {Andr{\'e} Depover and Willy Herreman and Andr{\'e} Vandekerckhove and Emile Claeys and Filip Defever and Didier Ghyselen and Nic Merlin and Lieve Ottevaere and Koen Vandenbussche},
	Date-Added = {2017-08-30 11:26:27 +0000},
	Date-Modified = {2017-08-30 11:32:26 +0000},
	Edition = {1st},
	Keywords = {fysica vandaag, oefeningen},
	Publisher = {Pelckmans},
	Title = {Fysica Vandaag 6.2},
	Year = {2005}}

@book{serway,
	Address = {United States of America},
	Author = {Raymond A. Serway},
	Date-Added = {2016-05-26 19:10:57 +0000},
	Date-Modified = {2016-05-26 19:22:11 +0000},
	Edition = {4th},
	Publisher = {Saunders College},
	Title = {Physics For Scientists \& Engineers with Modern Physics},
	Year = {1996}}

@book{giancoli,
	Address = {Den Haag},
	Author = {Douglas C. Giancoli},
	Date-Added = {2016-05-26 18:48:32 +0000},
	Date-Modified = {2016-05-26 18:56:31 +0000},
	Edition = {6th},
	Publisher = {Academic Service},
	Title = {Natuurkunde voor wetenschap en techniek},
	Volume = {II: Golven en Geluid; Kinetische Theorie en Thermodynamica; Elektriciteit en Magnetisme; Licht},
	Year = {2003}}

@book{flop,
	Author = {Richard P. Feynman and Robert B. Leighton and Matthew Sands},
	Date-Added = {2016-05-22 15:32:16 +0000},
	Date-Modified = {2016-05-23 20:01:17 +0000},
	Edition = {6th},
	Month = {Februari},
	Publisher = {Reading (Mass.): Addison-Wesley},
	Title = {The Feynman lectures on Physics},
	Volume = {I: Mainly mechanics, radiation, and heat},
	Year = {1977}}
